%% This BibTeX bibliography file was created using BibDesk.
%% http://bibdesk.sourceforge.net/


%% Created for Vasco Guerra at 2018-05-15 14:57:22 +0100 


%% Saved with string encoding Unicode (UTF-8) 


@incollection{Borelli1685,
  title={De Motu Animalium, 1680-1},
  author={Borelli, GA},
  journal={Bernabo, Rome},
  year={1685}
}

@article{Mochon&McMahon,
  title={Ballistic walking},
  author={Mochon, Simon and McMahon, Thomas A},
  journal={Journal of biomechanics},
  volume={13},
  number={1},
  pages={49--57},
  year={1980},
  publisher={Elsevier}
}

@article{Blickhan1989,
  title={The spring-mass model for running and hopping},
  author={Blickhan, Reinhard},
  journal={Journal of biomechanics},
  volume={22},
  number={11-12},
  pages={1217--1227},
  year={1989},
  publisher={Elsevier}
}

@article{Seyfarth2006,
  title={Compliant leg behaviour explains basic dynamics of walking and running},
  author={Geyer, Hartmut and Seyfarth, Andre and Blickhan, Reinhard},
  journal={Proceedings of the Royal Society of London B: Biological Sciences},
  volume={273},
  number={1603},
  pages={2861--2867},
  year={2006},
  publisher={The Royal Society}
}

@incollection{Alexander1976,
  title={Mechanics of bipedal locomotion},
  author={Alexander, R McN},
  booktitle={Zoology},
  pages={493--504},
  year={1976},
  publisher={Elsevier}
}

@article{Cavagna1976,
  title={The sources of external work in level walking and running.},
  author={Cavagna, Giovanni A and Thys, H and Zamboni, A},
  journal={The Journal of physiology},
  volume={262},
  number={3},
  pages={639--657},
  year={1976},
  publisher={Wiley Online Library}
}
@article{McMahon&Cheng1990,
  title={The mechanics of running: how does stiffness couple with speed?},
  author={McMahon, Thomas A and Cheng, George C},
  journal={Journal of biomechanics},
  volume={23},
  pages={65--78},
  year={1990},
  publisher={Elsevier}
}


@article{Full&Koditchek1999,
  title={Templates and anchors: neuromechanical hypotheses of legged locomotion on land},
  author={Full, Robert J and Koditschek, Daniel E},
  journal={Journal of experimental biology},
  volume={202},
  number={23},
  pages={3325--3332},
  year={1999},
  publisher={The Company of Biologists Ltd}
}

@article{Pandy2003,
  title={Simple and complex models for studying muscle function in walking},
  author={Pandy, Marcus G},
  journal={Philosophical Transactions of the Royal Society of London B: Biological Sciences},
  volume={358},
  number={1437},
  pages={1501--1509},
  year={2003},
  publisher={The Royal Society}
}

@article{Rummel2010,
  title={Robust and efficient walking with spring-like legs},
  author={Rummel, Juergen and Blum, Yvonne and Seyfarth, Andre},
  journal={Bioinspiration \& biomimetics},
  volume={5},
  number={4},
  pages={046004},
  year={2010},
  publisher={IOP Publishing}
}

@inproceedings{Vejdani2015,
  title={Touch-down angle control for spring-mass walking},
  author={Vejdani, Hamid Reza and Wu, Albert and Geyer, Hartmut and Hurst, Jonathan W},
  booktitle={Robotics and Automation (ICRA), 2015 IEEE International Conference on},
  pages={5101--5106},
  year={2015},
  organization={IEEE}
}

@article{Carver2009,
  title={Lateral stability of the spring-mass hopper suggests a two-step control strategy for running},
  author={Carver, Sean G and Cowan, Noah J and Guckenheimer, John M},
  journal={Chaos: An Interdisciplinary Journal of Nonlinear Science},
  volume={19},
  number={2},
  pages={026106},
  year={2009},
  publisher={AIP}
}

@misc{Strogatz2001,
  title={Nonlinear Dynamics and Chaos: With Applications to Physics, Biology, Chemistry, and Engineering (Boulder, CO},
  author={Strogatz, Steven H},
  year={2001},
  publisher={Westview Press}
}


@misc{runge,
  title={Mathematical methods for physicists},
  author={Arfken, George B and Weber, Hans J},
  year={1999},
  publisher={AAPT}
}
